@article{szabo2013extending,
  title={Extending the application of a shale volume estimation formula derived from factor analysis of wireline logging data},
  author={Szab{\'o}, N. P. and Dobr{\'o}ka, M.},
  journal={Mathematical Geosciences},
  volume={45},
  pages={837--850},
  year={2013}
}


@article{lai2023typical,
  title={Typical misinterpretations and scientific concepts in well-logging geologic studies},
  author={Lai, J. and Pang, X. and Zhao, X. and Zhao, Y. and Wang, G. and Huang, Y. and Li, Y.},
  journal={Natural Gas Industry B},
  volume={10},
  number={2},
  pages={198--211},
  year={2023}
}

@article{akpati1978geologic,
  title={Geologic structure and evolution of the Keta basin, Ghana, West Africa},
  author={Akpati, B. N.},
  journal={Geological Society of America Bulletin},
  volume={89},
  number={1},
  pages={124--132},
  year={1978},
}

@article{oyeyemi2018hydrocarbon,
  title={Hydrocarbon resource evaluation using combined petrophysical analysis and seismically derived reservoir characterization, offshore Niger Delta},
  author={Oyeyemi, K. D. and Olowokere, M. T. and Aizebeokhai, A. P.},
  journal={Journal of Petroleum Exploration and Production Technology},
  volume={8},
  pages={99--115},
  year={2018}
}


@article{asfahani2021radioactivity,
  title={Radioactivity and heat production characterization by natural gamma ray well logging and multi-fractal techniques in Banting district, Malaysia},
  author={Asfahani, Jamal and Samuding, Kamaruzzaman and Mostapa, Rahmah and Othman, Omar},
  journal={Applied Radiation and Isotopes},
  volume={167},
  year={2021},
  pages={109296},
  doi={10.1016/j.apradiso.2020.109296}
}


@article{akinyokun2009well,
  title={Well log interpretation model for the determination of lithology and fluid},
  author={Akinyokun, O. and Enikanselu, P. and Adeyemo, A. and Adesida, A.},
  journal={The Pacific Journal of Science and Technology},
  year={2009}
}

@article{falufosi2021geology,
  title={Geology and hydrocarbon potential of the Nigerian sector of Dahomey Basin},
  author={Falufosi, M. O. and Osinowo, O. O.},
  journal={Journal of Sedimentary Environments},
  volume={6},
  number={3},
  pages={335-358},
  year={2021},
}

@mastersthesis{lambon2020,
  author = {Lambon, S. B.},
  title = {The Petroleum and Natural Gas Potential of Ghana},
  year = {2020},
  school = {Sakarya Üniversitesi},
  type = {Master's thesis}
}

@article{carney2010lithostratigraphy,
  title={Lithostratigraphy, sedimentation and evolution of the Volta Basin in Ghana},
  author={Carney, John N and Jordan, Colm J and Thomas, Christopher W and Condon, Daniel J and Kemp, Simon J and Duodo, John A},
  journal={Precambrian Research},
  volume={183},
  number={4},
  pages={701--724},
  year={2010},
  publisher={Elsevier}
}


@article{adda2013petroleum,
  title={The petroleum geology and prospectivity of the Neo-Proterozoic, Paleozoic and Cretaceous sedimentary basins in Ghana},
  author={Adda, G. W.},
  journal={Search and Discovery Article},
  year={2013},
  volume={10544},
  pages={1--8}
}

@article{hayford2008cretaceous,
  title={Cretaceous rifting of the Ghana transform margin-Evidence from on shore apatite fission track data and optimum thermal history models},
  author={Hayford, E. K. and Lisker, F. and Apaalse, L.},
  journal={Ghana Journal of Science},
  volume={48},
  year={2008}
}

@incollection{brownfield2016assessment,
  author       = {Brownfield, M.E.},
  title        = {Assessment of undiscovered oil and gas resources of the Gulf of Guinea Province, West Africa},
  booktitle    = {Geologic assessment of undiscovered hydrocarbon resources of Sub-Saharan Africa},
  editor       = {Brownfield, M.E.},
  year         = {2016},
  publisher    = {U.S. Geological Survey Digital Data Series 69–GG},
  chapter      = {4},
  pages        = {27},
  url          = {http://dx.doi.org/10.3133/ds69GG},
  doi          = {10.3133/ds69GG}
}


@book{liu2017principles,
  author    = {Liu, H.},
  title     = {Principles and Applications of Well Logging},
  year      = {2017},
  pages     = {237-269},
  publisher = {Springer Berlin Heidelberg},
  address   = {Berlin, Heidelberg}
}


@techreport{brownfield2006geology,
  title={Geology and Total Petroleum Systems of the West-Central Coastal Province (7203), West Africa},
  author={Brownfield, Michael E. and Charpentier, Ronald R.},
  year={2006},
  institution={US Geological Survey},
  number={2207-B}
}


@article{matos1992northeast,
  title={The Northeast Brazilian Rift System},
  author={Matos, R. M.D.},
  journal={Tectonics},
  volume={11},
  number={4},
  pages={766--791},
  year={1992}
}


@article{archie1950introduction,
  title={Introduction to Petrophysics of Reservoir Rocks},
  author={Archie, G. E.},
  journal={AAPG Bulletin},
  volume={34},
  number={5},
  pages={943--961},
  year={1950},
}

@article{blarez1988shallow,
  title={Shallow structures and evolution of the Ivory Coast and Ghana transform margin},
  author={Blarez, E. and Mascle, J.},
  journal={Marine and Petroleum Geology},
  volume={5},
  number={1},
  pages={54--64},
  year={1988},
  publisher={Elsevier}
}

@article{mascle1987evidence,
  title={Evidence for transform margin evolution from the Ivory Coast--Ghana continental margin},
  author={Mascle, Jean and Blarez, Eric},
  journal={Nature},
  volume={326},
  number={6111},
  pages={378--381},
  year={1987},
  publisher={Nature Publishing Group}
}


@misc{mondol2015well,
  author    = {Mondol, N. H.},
  title     = {Well Logging: Principles, Applications and Uncertainties},
  booktitle = {Petroleum Geoscience: From Sedimentary Environments to Rock Physics},
  pages     = {385-425},
  year      = {2015},
}

@book{ellis2007well,
  title={Well Logging for Earth Scientists},
  author={Ellis, David V. and Singer, John M.},
  year={2007},
  volume={692},
  publisher={Springer},
  address={Dordrecht}
}

@book{Tittman2012,
  author = {Tittman, Johann},
  title = {Geophysical Well Logging: Excerpted from Methods of Experimental Physics},
  year = {2012},
  publisher = {Elsevier}
}


@misc{glover2000petrophysics,
  title={Petrophysics},
  author={Glover, P. W.},
  year={2000},
  institution={University of Aberdeen, UK},
  pages={270}
}


@book{buryakovsky2012fundamentals,
  title={Fundamentals of the Petrophysics of Oil and Gas Reservoirs},
  author={Buryakovsky, Leonid and Chilingar, George V. and Rieke, H. Henry and Shin, Seiichi},
  year={2012},
  publisher={John Wiley \& Sons}
}

@inproceedings{rodriguez2009new,
  title={A new approach for identifying gas reservoirs using multiple LWD density measurements},
  author={Rodriguez, R. and Weller, G. and Evans, M. and Prabawa, H. and Zalan, T.},
  booktitle={SPWLA Annual Logging Symposium},
  pages={SPWLA-2009},
  month={June},
  year={2009}
}


@article{mao2001physical,
  title={The physical dependence and the correlation characteristics of density and neutron logs},
  author={Mao, Z. Q.},
  journal={Petrophysics-The SPWLA Journal of Formation Evaluation and Reservoir Description},
  volume={42},
  number={05},
  year={2001}
}


@misc{kesse1986oil,
  title={Oil and gas possibilities on-and offshore Ghana},
  author={Kesse, GO},
  year={1986},
  publisher={AAPG Special Volumes}
}

@article{das2018well,
  title={Well log data analysis for lithology and fluid identification in Krishna-Godavari Basin, India},
  author={Das, Baisakhi and Chatterjee, Rima},
  journal={Arabian Journal of Geosciences},
  volume={11},
  pages={1--12},
  year={2018},
  publisher={Springer}
}

@article{chongwain2019petrophysical,
  title={Petrophysical characterisation of reservoir intervals in well-X and well-Y, M-Field, offshore Douala Sub-Basin, Cameroon},
  author={Chongwain, Gilbert M and Osinowo, Olawale Olakunle and Ntamak-Nida, Marie J and Biouele, SEA and Nkoa, Eric N},
  journal={Journal of Petroleum Exploration and Production Technology},
  volume={9},
  pages={911--925},
  year={2019},
  publisher={Springer}
}

@article{senosy2020petrophysical,
  title={Petrophysical analysis of well logs data for identification and characterization of the main reservoir of Al Baraka Oil Field, Komombo Basin, Upper Egypt},
  author={Senosy, Ahmed H and Ewida, Hatem F and Soliman, Hassan A and Ebraheem, Mohamed O},
  journal={SN Applied Sciences},
  volume={2},
  pages={1--14},
  year={2020},
  publisher={Springer}
}